@inbook{carpova,
    title = {Введение в базы данных. Учебное пособие},
    author={Карпова, И. П.},
    publisher={--- Москва: Московский государственный институт электроники и математики (Технический университет)},
    year=2009
}

@inbook{carpova-t-s,
    title={Базы данных: модели, разработка, реализация},
    author={Карпова, Т. С.},
    publisher={--- СПб.: Питер},
    year=2001,
    pages=304
}

@misc{medium,
    title = {Анализ и прогнозирование задержек авиакомпаний: комплексный подход к науке о данных [Электронный ресурс]},
    howpublished = {--- Режим доступа: (дата обращения: 02.05.2024) \url{https://medium.com/@rvora3/analyzing-and-predicting-airline-delays-a-comprehensive-data-science-approach-c08d5de14a10}}
}
@misc{trt-timeestimation,
    title= {Mechanism Analysis of the Impact of COVID-19 on the Whole Process of Aircraft Turnaround Operations [Электронный ресурс]},
    howpublished= {--- Режим доступа: (дата обращения: 02.05.2024) \url{https://www.researchgate.net/publication/379569382_Mechanism_Analysis_of_the_Impact_of_COVID-19_on_the_Whole_Process_of_Aircraft_Turnaround_Operations}}
}
@misc{flightaware,
    title= {FlightAware - отслеживание полетов / информация о статусе рейсов [Электронный ресурс]},
    howpublished= {--- Режим доступа: (дата обращения: 02.05.2024) \url{https://ru.flightaware.com/}}
}
@misc{flightradar24,
    title= {Live Flight Tracker - Real-Time Flight Tracker Map | Flightradar24 [Электронный ресурс]},
    howpublished= {--- Режим доступа: (дата обращения: 02.05.2024) \url{https://www.flightradar24.com/}}
}
@misc{trt-timeestimation2,
    title= {Aircraft turnaround time estimation [Электронный ресурс]},
    howpublished={--- Режим доступа: (дата обращения: 02.03.2024) \url{https://www.sciencedirect.com/science/article/pii/S0969699721001046/}}
}
@misc{aircraft-trt,
    title= {What Is the Aircraft Turnaround Process? [Электронный ресурс]},
    howpublished= {--- Режим доступа: (дата обращения: 02.03.2024) \url{https://www.aviationstoreonline.com/blog/what-is-the-aircraft-turnaround-process/}}
}
@misc{tat,
    title={A turnaround control system [Электронный ресурс]},
    howpublished={--- Режим доступа: (дата обращения: 02.03.2024)
	\url{https://www.sciencedirect.com/science/article/pii/S0952197622002056}}
}
@misc{trt,
    title={Turnaround Time: Why it's important [Электронный ресурс]},
    howpublished={--- Режим доступа: (дата обращения: 02.03.2024) \url{https://simpleflying.com/turnaround-time-importance/}}
}
@misc{data-models,
    title={Модели данных в СУБД [Электронный ресурс]},
    howpublished={--- Режим доступа: (дата обращения: 02.03.2024) \url{https://appmaster.io/ru/blog/modeli-dannykh-v-subd/}}
}
@misc{subd,
    title={Найти, сохранить и защитить: как СУБД помогают аналитикам и маркетологам [Электронный ресурс]},
    howpublished={--- Режим доступа: (дата обращения: 02.03.2024) \url{https://practicum.yandex.ru/blog/chto-takoe-subd/}}
}
@misc{python-lang,
    title={Welcome to Python [Электронный ресурс]},
    howpublished={--- Режим доступа: (дата обращения: 10.05.2024) \url{https://www.python.org}}
}
@misc{windows,
    title={Windows 11 Home 64-bit [Электронный ресурс]},
    howpublished={--- Режим доступа: (дата обращения: 10.05.2024) \url{https://www.microsoft.com/ru-ru/software-download/windows11}}
}
@misc{amd_ryzen,
    title={AMD Ryzen [Электронный ресурс]},
    howpublished={--- Режим доступа: (дата обращения: 10.05.2024) \url{https://www.amd.com/en.html}}
}

@misc{postgresql,
    title={PostgreSQL [Электронный ресурс]},
    howpublished={--- Режим доступа: (дата обращения: 05.05.2024) \url{https://www.postgresql.org/}}
}
@misc{sqlalchemy,
    title={SQLAlchemy [Электронный ресурс]},
    howpublished={--- Режим доступа: (дата обращения: 05.05.2024) \url{https://www.sqlalchemy.org/}}
}
@misc{kaggle,
    title={Kaggle [Электронный ресурс]},
    howpublished={--- Режим доступа: (дата обращения: 05.03.2024) \url{https://www.kaggle.com/}}
}
@misc{otplane,
    title = {Операции по техническому обслуживанию самолетов [Электронный ресурс]},
    howpublished = {--- Режим доступа: (дата обращения: 25.05.2024) \url{https://iloencyclopaedia.org/ru/part-xvii-65263/transport-industry-and-warehousing/item/910-aircraft-maintenance-operations}}
}
@misc{google,
    title = {Словарь машинного обучения [Электронный ресурс]},
    howpublished = {--- Режим доступа: (дата обращения: 16.11.2024) \url{https://developers.google.com/machine-learning/glossary}}
}
@misc{google2,
    title = {Логистическая регрессия [Электронный ресурс]},
    howpublished = {--- Режим доступа: (дата обращения: 21.11.2024) \url{https://developers.google.com/machine-learning/crash-course/logistic-regression}}
}
@misc{kemer,
    title = {Линейная регрессия [Электронный ресурс]},
    howpublished = {--- Режим доступа: (дата обращения: 21.11.2024) \url{https://elibrary.ru/item.asp?id=49547912}}
}
@misc{loginom,
    title = {Линейная регрессия [Электронный ресурс]},
    howpublished = {--- Режим доступа: (дата обращения: 21.11.2024) \url{https://wiki.loginom.ru/articles/linear-regression.html}}
}
@misc{neurohive,
    title = {Линейная регрессия [Электронный ресурс]},
    howpublished = {--- Режим доступа: (дата обращения: 21.11.2024) \url{https://neurohive.io/ru/osnovy-data-science/linejnaja-regressija/}}
}
@misc{kras,
    title = {Логистическая регрессия [Электронный ресурс]},
    howpublished = {--- Режим доступа: (дата обращения: 21.11.2024) \url{https://elib.sfu-kras.ru/bitstream/handle/2311/7199/s021-083.pdf?sequence=1}}
}
@misc{gitbook,
    title = {Адаптивная регрессия [Электронный ресурс]},
    howpublished = {--- Режим доступа: (дата обращения: 26.11.2024) \url{https://bradleyboehmke.github.io/HOML/mars.html}}
}
@misc{dbu,
    title = {Применение логистической регрессии для оценки кредитного риска [Электронный ресурс]},
    howpublished = {--- Режим доступа: (дата обращения: 02.12.2024) \url{https://elibrary.ru/item.asp?id=27478789}}
}
@misc{vlasenko,
    title = {О возможностях применения модели логистической регрессии [Электронный ресурс]},
    howpublished = {--- Режим доступа: (дата обращения: 02.12.2024) \url{https://www.elibrary.ru/item.asp?id=25090019}}
}
@misc{romanova,
    title = {К вопросу применимости аппарата МАРС к задаче прогнозирования банкротства: зарубежный опыт [Электронный ресурс]},
    howpublished = {--- Режим доступа: (дата обращения: 02.12.2024) \url{https://www.imi-samara.ru/wp-content/uploads/2018/04/11_Romanova_91-98.pdf}}
}
@misc{strijov_demo,
    author    = {Стрижов, В.},
    title     = {Моделирование улыбки волатильности: демонстрация двухмерной линейной регрессии [Электронный ресурс]},
    howpublished = {--- Режим доступа: (дата обращения: 02.12.2024) \url{http://strijov.com/sources/demo_linfit_options.php#1}}
}
@misc{jekabsons2011,
    author    = {Гинтс Й.},
    title     = {ARESLab: Набор инструментов для адаптивных регрессионных сплайнов для Matlab/Octave [Электронный ресурс]},
    howpublished = {--- Режим доступа: (дата обращения: 02.12.2024) \url{http://www.cs.rtu.lv/jekabsons/regression.html}},
    year      = {2011}
}
@misc{fedosin,
    author    = {Федосин А. С.},
    title     = {Модели потребления электроэнергии в многоквартирных жилых домах на основе многомерных адаптивных регрессионных сплайнов [Электронный ресурс]},
    howpublished = {--- Режим доступа: (дата обращения: 02.12.2024) \url{https://elibrary.ru/download/elibrary_26342121_69582650.pdf}},
    year      = {2011}
}
@misc{nechaev,
    author    = {Нечаев Е. Е. and Никулин А. О.},
    title     = {Анализ работы системы "Синхрон" аэропорта Шереметьево в сложных метеорологических условиях [Электронный ресурс]},
    howpublished = {--- Режим доступа: (дата обращения: 02.12.2024) \url{https://cyberleninka.ru/article/n/analiz-raboty-sistemy-sinhron-aeroporta-sheremetievo-v-slozhnyh-meteorologicheskih-usloviyah}},
    year      = {2018}
}
@misc{movchanuk,
    author    = {Мовчанюк А. И. and Косикова Л. В. and Матвеева, В. А. and Воеводская, К. В.},
    title     = {Анализ деятельности авиаперевозчика на примере авиакомпании «Уральские авиалинии» [Электронный ресурс]},
    howpublished = {--- Режим доступа: (дата обращения: 02.12.2024) \url{http://elar.urfu.ru/handle/10995/62552}},
    year      = {2018}
}
@misc{vorobev,
    author    = {Воробьев В. В. and Харламов, А. С.},
    title     = {Алгоритм предтактического планирования использования воздушного пространства [Электронный ресурс]},
    howpublished = {--- Режим доступа: (дата обращения: 02.12.2024) \url{https://cyberleninka.ru/article/n/algoritm-predtakticheskogo-planirovaniya-ispolzovaniya-vozdushnogo-prostranstva}},
    year      = {2015}
}
@misc{faa,
    title = {Воздушное движение в цифрах [Электронный ресурс]},
    author = {FAA},
    year = {2023},
    howpublished = {--- Режим доступа: (дата обращения: 02.12.2024) \url{https://www.faa.gov/}}
}
@misc{bts,
    title = {Данные о задержках рейсов [Электронный ресурс]},
    author = {BTS},
    year = {2022},
    howpublished = {--- Режим доступа: (дата обращения: 02.12.2024) \url{https://www.transtats.bts.gov/}}
}
@misc{eurocontrol,
    title = {Отчет по анализу эффективности 2025 [Электронный ресурс]},
    author = {EUROCONTROL},
    year = {2025},
    howpublished = {--- Режим доступа: (дата обращения: 02.12.2024) \url{https://www.eurocontrol.int/}}
}




@article{davis,
    author = {Дэвис, П. and Чжао, К. and Лин, Х.},
    title = {Модели прогнозирования задержек воздушного движения на основе данных: сравнение алгоритмов машинного обучения},
    journal = {IEEE Transactions on Intelligent Transportation Systems},
    year = {2023}
}
@article{williams,
    author = {Уильямс, Т. and Браун, С. and Грин, Д.},
    title = {Управление потоком воздушного движения в условиях перегрузки: подход машинного обучения},
    journal = {Journal of Air Transport Management},
    year = {2023}
}
@article{johnson,
    author = {Джонсон, Л. and Ли, М.},
    title = {Моделирование задержек в авиации, вызванных погодными условиями},
    journal = {Transportation Research Part C},
    year = {2022}
}
@article{voronov,
    author = {Воронов~Е.~С. and Ружанская~Л.~С.},
    title = {Выявление факторов, влияющих на задержки рейсов российских авиакомпаний в сравнении с авиакоманиями США и Китая},
    journal = {Весенние дни науки},
    year = {2021},
    pages = {145--149}
}
@article{cleveland,
    author       = {Кливленд, У. С. and Девлин, С. Дж.},
    title        = {Локально взвешенная регрессия: подход к регрессионному анализу локального приближения},
    journal      = {Журнал Американской статистической ассоциации},
    year         = {1988},
    volume       = {83},
    number       = {403},
    pages        = {596--610},
}
@article{tibshirani,
    author       = {Тибширани, Р.},
    title        = {Сжатие и отбор регрессии с помощью метода Lasso},
    journal      = {Журнал Королевского статистического общества: Серия B (Методологическая)},
    year         = {1996},
    volume       = {58},
    number       = {1},
    pages        = {267--288},
}
@article{friedman,
    author       = {Фридман, Дж. Х.},
    title        = {Приближение функции жадным методом: градиентная бустинговая машина},
    journal      = {Ежегодный журнал статистики},
    year         = {2001},
    volume       = {29},
    number       = {5},
}
@article{friedman2,
    title={Многомерные Адаптивные Регрессионные Сплайны},
    author={Фридман, Дж. Х.},
    journal={Ежегодный журнал статистики},
    volume={19},
    number={1},
    year={1991},
}
@article{zhao,
    author       = {Чжао, П. and Ю, Б.},
    title        = {О согласованности выбора модели с помощью Lasso},
    journal      = {Журнал исследований машинного обучения},
    year         = {2006},
    volume       = {7},
    pages        = {2541--2567},
}
@article{zou2005regularization,
    author    = {Жу, Х. and Хасти, Т.},
    title     = {Регуляризация и выбор переменных с использованием Elastic Net},
    journal   = {Журнал Королевского статистического обществa},
    volume    = {67},
    number    = {2},
    pages     = {301--320},
    year      = {2005},
    publisher = {Уайли (дата обращения: 27.11.2024)}
}
@article{evans,
    author       = {Эванс, Дж. Е. and Аллан, С. Г. and Робинсон, М.},
    title        = {Квантитативное влияние задержек управления воздушным движением на задержки авиакомпаний},
    journal      = {Записки по транспортным исследованиям},
    year         = {2004},
    volume       = {1850},
    pages        = {1--9},
}
@article{powers2011evaluation,
    author = {Пауэрс, Д. М. В.},
    title = {Оценка: от точности, полноты и F-меры до ROC, информативности, заметности и корреляции},
    journal = {Журнал технологий машинного обучения},
    volume = {2},
    number = {1},
    pages = {37--63},
    year = {2011}
}
@article{plehanov,
    author = {Гурова Л.П.},
    title = {Особенности линейной регрессии и ее применение в экономике},
    year = {2020}
}
@article{simov,
    author    = {Симонов, П.М. and Лазуков, С.И.},
    title     = {Оценка кредитного риска: актуальные практические вопросы},
    journal   = {Вестник Пермского университета. Сер. Экономика},
    year      = {2009},
    number    = {1},
    pages     = {61--67}
}
@article{muradov,
    author    = {Мурадов, Д.А.},
    title     = {Logit-прогностические модели прогнозирования банкротства предприятий},
    journal   = {Труды Российского государственного университета нефти и газа им. И.М. Губкина},
    year      = {2011},
    number    = {3},
    pages     = {160--172}
}
@article{sorokin,
    author    = {Сорокин, А.С.},
    title     = {Построение скоринговых карт с использованием модели логистической регрессии},
    journal   = {Науковедение: Интернет-журнал},
    year      = {2014},
    number    = {2},
    pages     = {82}
}
@article{seredniy,
    author    = {Середний, С.С.},
    title     = {Оценивание вероятности дефолта по кредитным операциям с использованием логистической регрессии и кластерного анализа},
    journal   = {Достижения информационных технологий},
    year      = {2011},
    number    = {1},
    pages     = {126--132}
}
@article{saponov,
    author    = {Сапонов, Д.И.},
    title     = {Опыт конкурентной борьбы как фактор академической успеваемости},
    journal   = {Мониторинг общественного мнения: экономические и социальные перемены},
    year      = {2013},
    number    = {6 (118)},
    pages     = {113--126}
}
@article{simonova,
    author    = {Симонова, С.И.},
    title     = {Интеллектуальный анализ данных для задач СЕМ},
    journal   = {International Journal of Open Information Technologies},
    year      = {2015},
    volume    = {3},
    number    = {2},
    pages     = {17--22}
}
@article{osikov,
    author    = {Осиков, М.В. and Ахматов, К.Б.},
    title     = {Использование логистической регрессии в оценке изменений психологического статуса у больных хронической почечной недостаточностью, находящихся на гемодиализе},
    journal   = {Вестник Южно-Уральского государственного университета. Сер. Образование, здравоохранение, физическая культура},
    year      = {2010},
    number    = {19 (195)},
    pages     = {34--37}
}
@article{bogdanov,
    author    = {Богданов, Л.Ю.},
    title     = {Оценка эффективности бинарных классификаторов на основе логистической регрессии методом КОС-анализа},
    journal   = {Вестник СГТУ},
    year      = {2010},
    volume    = {4},
    number    = {2с},
    pages     = {92--97}
}
@article{strijov2009,
    author    = {Стрижов, В. и Сологуб, Р.},
    title     = {Индуктивное построение регрессионных моделей волатильности опционных торгов},
    journal   = {Вычислительные технологии},
    year      = {2009},
    volume    = {14},
    number    = {5}
}
@article{friedman1991,
    author    = {Фридман, Дж.Х.},
    title     = {Многомерные адаптивные регрессионные сплайны},
    journal   = {Анналы статистики},
    year      = {1991},
    volume    = {19},
    number    = {1},
    pages     = {1--141}
}
@article{elith2007,
    author    = {Элит, Дж. and Летвик, Дж.},
    title     = {Прогнозирование распространения видов на основе музейных и гербарных записей с использованием многомерных адаптивных регрессионных сплайнов},
    journal   = {Разнообразие и распределение},
    year      = {2007},
    volume    = {13},
    number    = {3},
    pages     = {265--275}
}
@article{crino2007,
    author    = {Крино, С. and Браун, Д.Э.},
    title     = {Глобальная оптимизация с использованием многомерных адаптивных регрессионных сплайнов},
    journal   = {Труды IEEE: Системы, человек и кибернетика, часть B: Кибернетика},
    year      = {2007},
    volume    = {37},
    number    = {2},
    pages     = {333--340}
}
@article{deconinck2007,
    author    = {Деконинк, Э. and Коомонс, Д. and Хейден, Й.В.},
    title     = {Исследование методов линейного моделирования и их комбинаций с многомерными адаптивными регрессионными сплайнами для прогнозирования желудочно-кишечной абсорбции лекарств},
    journal   = {Журнал фармацевтического и биомедицинского анализа},
    year      = {2007},
    volume    = {43},
    number    = {1},
    pages     = {119--130}
}
@article{ivanov,
    author    = {Иванов В. В.},
    title     = {Описание модели прогнозирования задержек прилета авиарейсов в реальном времени [Электронный ресурс]},
    journal   = {Сборник статей <<Международной научно-практической конференции>>},
    year      = {2017},
    volume    = {2},
    pages     = {64--66}
}
@article{nozdrin,
    author    = {Ноздрин~С.~С. and Каширина~И.~Л.},
    title     = {Построение модели предсказания длительности задержек авиарейсов [Электронный ресурс]},
    journal   = {Сборник трудов Международной научной конференции},
    publisher = {ФГБОУ ВО «Воронежский государственный университет»},
    year      = {2021},
    pages     = {1014--1021}
}
@article{hansen,
  author    = {Хансен~М.},
  title     = {Метрики эффективности авиационной системы: последствия для управления аэропортами и воздушным движением},
  journal   = {Transportation Research Part A: Policy and Practice},
  year      = {2017}
}

@article{zhang,
  author    = {Чжан~Ю. and Ван~Х. and Чэнь~Л.},
  title     = {Влияние погодных условий на задержки авиарейсов: комплексный анализ},
  journal   = {Journal of Air Transport Management},
  year      = {2020}
}
@article{cheng,
  author    = {Чэн~Ц. and Чжао~С. and Ли~К.},
  title     = {Методы машинного обучения для прогнозирования задержек авиарейсов},
  journal   = {IEEE Transactions on Intelligent Transportation Systems},
  year      = {2021}
}




@book{barnhart,
  author    = {Барнхарт~К. and Белобаба~П. and Одони~А.},
  title     = {Воздушный транспорт: управленческая перспектива},
  publisher = {McGraw-Hill},
  year      = {2014}
}
@book{schapire,
    author       = {Шапир~Р.~Е. and Фройнд~Й.},
    title        = {Бустинг: основы и алгоритмы},
    year         = {2012},
    publisher    = {MIT Press (дата обращения: 26.11.2024)},
    pages        = {359},
}
@book{norman,
    author       = {Дрейпер~Н. and Смит~Г.},
    title        = {Прикладной регрессионный анализ},
    year         = {2012},
    publisher    = {---М.: Издательский дом «Вильямс» (дата обращения: 26.11.2024)},
    pages        = {350},
}
@book{bishop,
    author = {Бишоп К.},
    title = {Распознавание образов и машинное обучение},
    year = {2006},
    publisher = {---М.: Издательский дом «Вильямс» (дата обращения: 26.11.2024)},
    pages = {700},
}
@book{hastie,
    author       = {Хасте Т. and Тибширани Р.},
    title        = {Прикладной статистический анализ. Классификация и регрессия},
    year         = {2011},
    publisher    = {---М.: Издательский дом «Вильямс» (дата обращения: 26.11.2024)},
    pages        = {750},
}
@book{hastie2,
    author       = {Хасти, Т. and Тибширани, Р. and Фридман, Дж.},
    title        = {Элементы статистического обучения},
    year         = {2009},
    publisher    = {Springer (дата обращения: 26.11.2024)},
    pages        = {745},
}
@book{seber,
    author       = {Сибер, Г. А. Ф. and Ли, А. Дж.},
    title        = {Анализ линейной регрессии},
    year         = {2012},
    publisher    = {Уайли (дата обращения: 26.11.2024)},
    pages        = {456},
}

@book{montgomery,
    author       = {Монтгомери, Д. К. and Пек, Э. А. and Вининг, Г. Г.},
    title        = {Введение в анализ линейной регрессии},
    year         = {2021},
    publisher    = {Wiley (дата обращения: 26.11.2024)},
    pages        = {640},
}
@book{hosmer2013applied,
    author = {Хосмер, Д. У. and Лемешоу, С. and Стурдивант, Р. И.},
    title = {Прикладная логистическая регрессия},
    edition = {3-е издание},
    publisher = {Уайли (дата обращения: 27.11.2024)},
    year = {2013}
}
@book{thomas2009credit,
    author = {Томас, Л. С. and Эдельман, Д. Б. and Крук, Дж. Н.},
    title = {Кредитный скоринг и его приложения},
    publisher = {SIAM (дата обращения: 27.11.2024)},
    year = {2009}
}
@book{agresti2018introduction,
    author = {Агрести, А.},
    title = {Введение в анализ категориальных данных},
    publisher = {Уайли (дата обращения: 27.11.2024)},
    year = {2018}
}
@book{menard2002applied,
    author = {Менард, С.},
    title = {Прикладной анализ логистической регрессии},
    publisher = {Издательство SAGE (дата обращения: 27.11.2024)},
    year = {2002}
}
@book{hastie2001,
    author    = {Хасти, Т. and Тибширани, Р. and Фридман, Дж.},
    title     = {Элементы статистического обучения: интеллектуальный анализ данных, выводы и прогнозирование},
    publisher = {Springer},
    year      = {2001}
}


@inproceedings{haas1998,
    author    = {Хаас, Х. and Кубин, Г.},
    title     = {Многополосная нелинейная осцилляторная модель для речи},
    booktitle = {Сборник материалов 32-й конференции Asilomar по сигналам, системам и компьютерам},
    year      = {1998},
    volume    = {1},
    pages     = {338--342}
}
@mastersthesis{yerlikaya2008,
    author    = {Ерликая, Ф.},
    title     = {Новый вклад в нелинейную устойчивую регрессию и классификацию с использованием MARS и её приложения для интеллектуального анализа данных в контроле качества в производстве},
    school    = {Кафедра научных вычислений},
    year      = {2008}
}
@phdthesis{di2006,
    author    = {Ди, В.},
    title     = {Долгосрочный прогноз фиксированной ставки ипотечного кредита с использованием многомерных адаптивных регрессионных сплайнов},
    school    = {Школа компьютерной инженерии, Технологический университет Наньян},
    year      = {2006}
}
@techreport{ipiran,
    author = {{Институт проблем информатики РАН}},
    title = {Моделирование суточной динамики задержек в московском авиаузле},
    institution = {Институт проблем информатики РАН},
    year = {2022}
}


