@inbook{carpova,
    title={Введение в базы данных. Учебное пособие},
    author="Карпова, И. П.",
    publisher="--- Москва: Московский государственный институт электроники и математики (Технический университет)",
    year=2009
}

@inbook{lekcii,
    title={Лекции по курсу "Базы данных"},
    author="Гаврилова, Ю. М.",
    publisher="--- Москва: МГТУ им. Н. Э. Баумана",
    year=2023
}

@inbook{carpova-t-s,
    title={Базы данных: модели, разработка, реализация},
    author="Карпова, Т. С.",
    publisher="--- СПб.: Питер",
    year=2001,
    pages=304
}

@misc{
trt-timeestimation,
    title= "Mechanism Analysis of the Impact of COVID-19 on the Whole Process of Aircraft Turnaround Operations [Электронный ресурс]",
    howpublished= "--- Режим доступа: (дата обращения: 02.05.2024)
    \url{https://www.researchgate.net/publication/379569382_Mechanism_Analysis_of_the_Impact_of_COVID-19_on_the_Whole_Process_of_Aircraft_Turnaround_Operations}"
}

@misc{
microsoft,
    title= "Хранимые процедуры (ядро СУБД) [Электронный ресурс]",
    howpublished= "--- Режим доступа: (дата обращения: 02.06.2024)
    \url{https://learn.microsoft.com/ru-ru/sql/relational-databases/stored-procedures/stored-procedures-database-engine?view=sql-server-ver16}"
}

@misc{
flightaware,
    title= "FlightAware - отслеживание полетов / информация о статусе рейсов [Электронный ресурс]",
    howpublished= "--- Режим доступа: (дата обращения: 02.05.2024)
    \url{https://ru.flightaware.com/}"
}

@misc{
flightradar24,
    title= "Live Flight Tracker - Real-Time Flight Tracker Map | Flightradar24 [Электронный ресурс]",
    howpublished= "--- Режим доступа: (дата обращения: 02.05.2024)
    \url{https://www.flightradar24.com/}"
}

@misc{
trt-timeestimation2,
    title= "Aircraft turnaround time estimation [Электронный ресурс]",
    howpublished= "--- Режим доступа: (дата обращения: 02.03.2024)
    \url{https://www.sciencedirect.com/science/article/pii/S0969699721001046/}"
}

@misc{
aircraft-trt,
    title= "What Is the Aircraft Turnaround Process? [Электронный ресурс]",
    howpublished= "--- Режим доступа: (дата обращения: 02.03.2024)
    \url{https://www.aviationstoreonline.com/blog/what-is-the-aircraft-turnaround-process/}"
}

@misc{
tat,
    title="A turnaround control system [Электронный ресурс]",
    howpublished="--- Режим доступа: (дата обращения: 02.03.2024)
	\url{https://www.sciencedirect.com/science/article/pii/S0952197622002056}"
}

@misc{
trt,
    title="Turnaround Time: Why it's important [Электронный ресурс]",
    howpublished="--- Режим доступа: (дата обращения: 02.03.2024) Свободный
	\url{https://simpleflying.com/turnaround-time-importance/}"
}

@misc{
data-models,
    title="Модели данных в СУБД [Электронный ресурс]",
    howpublished="--- Режим доступа: (дата обращения: 02.03.2024) Свободный
	\url{https://appmaster.io/ru/blog/modeli-dannykh-v-subd/}"
}
@misc{
subd,
    title="Найти, сохранить и защитить: как СУБД помогают аналитикам и маркетологам [Электронный ресурс]",
    howpublished="--- Режим доступа: (дата обращения: 02.03.2024) Свободный
	\url{https://practicum.yandex.ru/blog/chto-takoe-subd/}"
}

@misc{
python-lang,
    title="Welcome to Python [Электронный ресурс]",
    howpublished="--- Режим доступа: (дата обращения: 10.05.2024)
    \url{https://www.python.org}"
}

@misc{
windows,
    title="Windows 11 Home 64-bit [Электронный ресурс]",
    howpublished="--- Режим доступа: (дата обращения: 10.05.2024)
    \url{https://www.microsoft.com/ru-ru/software-download/windows11}"
}

@misc{
amd_ryzen,
    title="AMD Ryzen [Электронный ресурс]",
    howpublished="--- Режим доступа: (дата обращения: 10.05.2024)
    \url{https://www.amd.com/en.html}"
}

@misc{
postgresql,
    title="PostgreSQL [Электронный ресурс]",
    howpublished="--- Режим доступа: (дата обращения: 05.05.2024)
    \url{https://www.postgresql.org/}"
}

@misc{
sqlalchemy,
    title="SQLAlchemy [Электронный ресурс]",
    howpublished="--- Режим доступа: (дата обращения: 05.05.2024)
    \url{https://www.sqlalchemy.org/}"
}

@misc{
kaggle,
    title="Kaggle [Электронный ресурс]",
    howpublished="--- Режим доступа: (дата обращения: 05.03.2024)
    \url{https://www.kaggle.com/}"
}

@misc{
otplane,
    title="Операции по техническому обслуживанию самолетов [Электронный ресурс]",
    howpublished="--- Режим доступа: (дата обращения: 25.05.2024)
    \url{https://iloencyclopaedia.org/ru/part-xvii-65263/transport-industry-and-warehousing/item/910-aircraft-maintenance-operations}"
}



